@electronic
{
	moduleIV,
	title = "{Module IV Curve}",
	author = "{Folsom Labs}",
	url = "{https://www.folsomlabs.com/modeling/module/module_model}",
}

@electronic
{
    labNotes,
    title = "{P1 - Solar Cell Research Exercise (lab and coursework)}",
    url = "{https://secure.ecs.soton.ac.uk/notes_so/elec2201/LAB%20AND%20COURSEWORK/ELEC2201LabSpecification-2017.pdf}",
}

@IEEEtranBSTCTL{IEEEexample:BSTcontrol,  
    CTLuse_forced_etal       = "yes",  
    CTLmax_names_forced_etal = "3",  
    CTLnames_show_etal       = "1"
}